@book{Comrie1981,
    author = {Bernard Comrie},
    year = {1981},
    title = {Language Universals and Linguistic Typology},
    address = {Oxford},
    publisher = {Basil Blackwell}
}

@book{Chomsky1957,
    author = {Noam Chomsky},
    year = {1957},
    title = {Syntactic structures},
    address = {The Hague},
    publisher = {Mouton}
}

@article{Bloomfield1925,
    author = {Bloomfield, Leonard},
    journal = {Language},
    number = {4},
    pages = {130--156},
    title = {On the sound-system of central {Algonquian}},
    volume = {1},
    year = {1925}
}

@book{Lahiri2000,
    address = {Berlin},
    booktitle = {Analogy, leveling, markedness: {{P}}rinciples of change in phonology and morphology},
    editor = {Lahiri, Aditi},
    number = {127},
    publisher = {Mouton de Gruyter},
    series = {Trends in Linguistics},
    title = {Analogy, leveling, markedness: {{P}}rinciples of change in phonology and morphology},
    year = {2000}
}


@misc{Nordhoff2018,
    author = {Sebastian Nordhoff},
    year = {2018},
    title = {{BibTeX} generator},
    url = {https://www.langsci-press-gug.org/doc2tex/doc2bib},
    note = {Follow the link to generate BibTeX}
}
