

@BOOK{Chomsky1957,
  author = {Noam Chomsky},
  year = {1957},
  title = {Syntactic structures},
  address = {The Hague},
  publisher = {Mouton} 
}


@misc{Nordhoff2018,
  author = {Sebastian Nordhoff},
  year = {2018},
  title = {BibTeX generator},
  url = {http://glottotopia.org/doc2tex/doc2bib},
  urldate = {2020-05-10},
  note = {Follow the link to generate BibTeX} 
}

